[gd_scene load_steps=3 format=3 uid="uid://cicwjmll41cbw"]

[ext_resource type="Script" path="res://character_components/scripts/velocity_debug_character_component.gd" id="1_jxo12"]
[ext_resource type="Script" path="res://character_component/scripts/character_component_connector.gd" id="2_2ttwm"]

[node name="CharacterDebugCharacterComponent" type="Control"]
layout_mode = 3
anchors_preset = 15
anchor_right = 1.0
anchor_bottom = 1.0
grow_horizontal = 2
grow_vertical = 2
mouse_filter = 2
script = ExtResource("1_jxo12")

[node name="CharacterComponentConnector" type="Node" parent="."]
script = ExtResource("2_2ttwm")

[node name="MarginContainer" type="MarginContainer" parent="."]
layout_mode = 1
anchors_preset = -1
anchor_right = 0.375
anchor_bottom = 0.25
mouse_filter = 2
theme_override_constants/margin_left = 4
theme_override_constants/margin_top = 4
metadata/_edit_use_anchors_ = true

[node name="PanelContainer" type="PanelContainer" parent="MarginContainer"]
layout_mode = 2
metadata/_edit_use_anchors_ = true

[node name="MarginContainer" type="MarginContainer" parent="MarginContainer"]
layout_mode = 2
theme_override_constants/margin_left = 8
theme_override_constants/margin_top = 8
theme_override_constants/margin_right = 8
theme_override_constants/margin_bottom = 8

[node name="VBoxContainer" type="VBoxContainer" parent="MarginContainer/MarginContainer"]
layout_mode = 2

[node name="State" type="Label" parent="MarginContainer/MarginContainer/VBoxContainer"]
layout_mode = 2
size_flags_horizontal = 0
size_flags_vertical = 0
text = "State:"

[node name="TotalVelocity" type="Label" parent="MarginContainer/MarginContainer/VBoxContainer"]
layout_mode = 2
size_flags_horizontal = 0
size_flags_vertical = 0
text = "Total velocity:"

[node name="TotalSpeed" type="Label" parent="MarginContainer/MarginContainer/VBoxContainer"]
layout_mode = 2
size_flags_horizontal = 0
size_flags_vertical = 0
text = "Total Speed:"

[node name="CoplanarVelocity" type="Label" parent="MarginContainer/MarginContainer/VBoxContainer"]
layout_mode = 2
size_flags_horizontal = 0
size_flags_vertical = 0
text = "Coplanar velocity:"

[node name="CoplanarSpeed" type="Label" parent="MarginContainer/MarginContainer/VBoxContainer"]
layout_mode = 2
size_flags_horizontal = 0
size_flags_vertical = 0
text = "Coplanar speed:"

[node name="IsOnFloor" type="Label" parent="MarginContainer/MarginContainer/VBoxContainer"]
layout_mode = 2
size_flags_horizontal = 0
size_flags_vertical = 0
text = "is_on_floor:"

[node name="IsOnWall" type="Label" parent="MarginContainer/MarginContainer/VBoxContainer"]
layout_mode = 2
size_flags_horizontal = 0
size_flags_vertical = 0
text = "is_on_wall:"
