[gd_scene load_steps=27 format=3 uid="uid://d1b2fjotboxcw"]

[ext_resource type="PackedScene" uid="uid://baklnbjqav5fv" path="res://data/game/characters/bot01.gltf" id="1_d2ihf"]
[ext_resource type="Script" path="res://system/character/character_components/scripts/model_character_component.gd" id="1_xd36u"]
[ext_resource type="Script" path="res://system/character/character_component/scripts/character_component_connector.gd" id="2_h8o7h"]
[ext_resource type="AnimationNodeBlendSpace2D" uid="uid://dfstlytgdqb4i" path="res://data/game/characters/animation/locomotion_blendspace2d.tres" id="3_2gawq"]

[sub_resource type="StandardMaterial3D" id="StandardMaterial3D_kcqe5"]
albedo_color = Color(0.875264, 0.419098, 0.0644892, 1)
roughness = 0.4

[sub_resource type="AnimationNodeTimeSeek" id="AnimationNodeTimeSeek_r8mk2"]

[sub_resource type="AnimationNodeAnimation" id="AnimationNodeAnimation_wsi1j"]
animation = &"AimVertically"

[sub_resource type="AnimationNodeAnimation" id="AnimationNodeAnimation_t65we"]
animation = &"Death"

[sub_resource type="AnimationNodeAnimation" id="AnimationNodeAnimation_pxjns"]
animation = &"NoHead"

[sub_resource type="AnimationNodeAnimation" id="AnimationNodeAnimation_qdlgw"]
animation = &"Shoot"

[sub_resource type="AnimationNodeTransition" id="AnimationNodeTransition_lg75g"]
input_0/name = "alive"
input_0/auto_advance = false
input_0/reset = false
input_1/name = "dead"
input_1/auto_advance = false
input_1/reset = true

[sub_resource type="AnimationNodeOneShot" id="AnimationNodeOneShot_a3pdf"]
filter_enabled = true
filters = ["Bot01/Skeleton3D:foot.L", "Bot01/Skeleton3D:foot.R", "Bot01/Skeleton3D:shin.L", "Bot01/Skeleton3D:shin.R", "Bot01/Skeleton3D:spine", "Bot01/Skeleton3D:thigh.L", "Bot01/Skeleton3D:thigh.R", "Bot01/Skeleton3D:toe.L", "Bot01/Skeleton3D:toe.R"]

[sub_resource type="AnimationNodeAnimation" id="AnimationNodeAnimation_5b6sb"]
animation = &"Jump"

[sub_resource type="AnimationNodeAnimation" id="AnimationNodeAnimation_tkvw7"]
animation = &"Land"

[sub_resource type="AnimationNodeAnimation" id="AnimationNodeAnimation_oj2ab"]
animation = &"MidAir"

[sub_resource type="AnimationNodeStateMachineTransition" id="AnimationNodeStateMachineTransition_u1en6"]
xfade_time = 0.2

[sub_resource type="AnimationNodeStateMachineTransition" id="AnimationNodeStateMachineTransition_i0nhk"]
xfade_time = 0.1
advance_mode = 2

[sub_resource type="AnimationNodeStateMachineTransition" id="AnimationNodeStateMachineTransition_v6lep"]
xfade_time = 0.1
advance_condition = &"land"

[sub_resource type="AnimationNodeStateMachineTransition" id="AnimationNodeStateMachineTransition_cj5lw"]
xfade_time = 0.2
advance_mode = 2

[sub_resource type="AnimationNodeStateMachine" id="AnimationNodeStateMachine_3te55"]
allow_transition_to_self = true
reset_ends = true
states/End/position = Vector2(956, 134)
states/Jump/node = SubResource("AnimationNodeAnimation_5b6sb")
states/Jump/position = Vector2(361, 20)
states/Land/node = SubResource("AnimationNodeAnimation_tkvw7")
states/Land/position = Vector2(733, 20)
states/MidAir/node = SubResource("AnimationNodeAnimation_oj2ab")
states/MidAir/position = Vector2(544, 20)
states/Start/position = Vector2(101, 119)
transitions = ["Start", "Jump", SubResource("AnimationNodeStateMachineTransition_u1en6"), "Jump", "MidAir", SubResource("AnimationNodeStateMachineTransition_i0nhk"), "MidAir", "Land", SubResource("AnimationNodeStateMachineTransition_v6lep"), "Land", "End", SubResource("AnimationNodeStateMachineTransition_cj5lw")]
graph_offset = Vector2(-176, -61)

[sub_resource type="AnimationNodeBlend2" id="AnimationNodeBlend2_yhgxe"]
filter_enabled = true
filters = ["Bot01/Skeleton3D:foot.L", "Bot01/Skeleton3D:foot.R", "Bot01/Skeleton3D:shin.L", "Bot01/Skeleton3D:shin.R", "Bot01/Skeleton3D:spine", "Bot01/Skeleton3D:thigh.L", "Bot01/Skeleton3D:thigh.R", "Bot01/Skeleton3D:toe.L", "Bot01/Skeleton3D:toe.R"]

[sub_resource type="AnimationNodeTimeScale" id="AnimationNodeTimeScale_xaowg"]

[sub_resource type="AnimationNodeBlend2" id="AnimationNodeBlend2_m64hv"]
filter_enabled = true
filters = ["Bot01/Skeleton3D:spine.004", "Bot01/Skeleton3D:spine.005", "Bot01/Skeleton3D:spine.006"]

[sub_resource type="AnimationNodeOneShot" id="AnimationNodeOneShot_mpj1p"]
filter_enabled = true
filters = ["Bot01/Skeleton3D:forearm.L", "Bot01/Skeleton3D:forearm.L.001", "Bot01/Skeleton3D:forearm.L.002", "Bot01/Skeleton3D:forearm.R", "Bot01/Skeleton3D:forearm.R.001", "Bot01/Skeleton3D:hand.L", "Bot01/Skeleton3D:hand.L.001", "Bot01/Skeleton3D:hand.R", "Bot01/Skeleton3D:shoulder.L", "Bot01/Skeleton3D:spine.002", "Bot01/Skeleton3D:spine.003"]
fadein_time = 0.01
fadeout_time = 0.3
autorestart_delay = 0.0

[sub_resource type="AnimationNodeTimeScale" id="AnimationNodeTimeScale_2d5b1"]

[sub_resource type="AnimationNodeBlendTree" id="AnimationNodeBlendTree_8vt2n"]
graph_offset = Vector2(331.055, -75.3272)
nodes/AimSeek/node = SubResource("AnimationNodeTimeSeek_r8mk2")
nodes/AimSeek/position = Vector2(860, -60)
nodes/Animation/node = SubResource("AnimationNodeAnimation_qdlgw")
nodes/Animation/position = Vector2(760, -220)
"nodes/Animation 2/node" = SubResource("AnimationNodeAnimation_wsi1j")
"nodes/Animation 2/position" = Vector2(380, -40)
"nodes/Animation 3/node" = SubResource("AnimationNodeAnimation_t65we")
"nodes/Animation 3/position" = Vector2(1820, 120)
"nodes/Animation 4/node" = SubResource("AnimationNodeAnimation_pxjns")
"nodes/Animation 4/position" = Vector2(2140, 120)
nodes/DeathTransition/node = SubResource("AnimationNodeTransition_lg75g")
nodes/DeathTransition/position = Vector2(2080, -180)
nodes/JumpOneShot/node = SubResource("AnimationNodeOneShot_a3pdf")
nodes/JumpOneShot/position = Vector2(1300, 40)
nodes/JumpStateMachine/node = SubResource("AnimationNodeStateMachine_3te55")
nodes/JumpStateMachine/position = Vector2(900, 340)
nodes/LocomotionBlend/node = SubResource("AnimationNodeBlend2_yhgxe")
nodes/LocomotionBlend/position = Vector2(1560, -220)
nodes/LocomotionBlendSpace/node = ExtResource("3_2gawq")
nodes/LocomotionBlendSpace/position = Vector2(580, 160)
nodes/LocomotionTimeScale/node = SubResource("AnimationNodeTimeScale_xaowg")
nodes/LocomotionTimeScale/position = Vector2(840, 140)
nodes/NoHeadBlend/node = SubResource("AnimationNodeBlend2_m64hv")
nodes/NoHeadBlend/position = Vector2(2380, -200)
nodes/Shoot/node = SubResource("AnimationNodeOneShot_mpj1p")
nodes/Shoot/position = Vector2(1100, -240)
nodes/TimeScale/node = SubResource("AnimationNodeTimeScale_2d5b1")
nodes/TimeScale/position = Vector2(600, -60)
nodes/output/position = Vector2(2660, -180)
node_connections = [&"AimSeek", 0, &"TimeScale", &"DeathTransition", 0, &"LocomotionBlend", &"DeathTransition", 1, &"Animation 3", &"JumpOneShot", 0, &"LocomotionTimeScale", &"JumpOneShot", 1, &"JumpStateMachine", &"LocomotionBlend", 0, &"Shoot", &"LocomotionBlend", 1, &"JumpOneShot", &"LocomotionTimeScale", 0, &"LocomotionBlendSpace", &"NoHeadBlend", 0, &"DeathTransition", &"NoHeadBlend", 1, &"Animation 4", &"Shoot", 0, &"AimSeek", &"Shoot", 1, &"Animation", &"TimeScale", 0, &"Animation 2", &"output", 0, &"NoHeadBlend"]

[node name="ModelCharacterComponent" type="Node3D" node_paths=PackedStringArray("body_mesh", "animation_player", "animation_tree", "bone_attachements")]
transform = Transform3D(-0.912616, 0, -7.97834e-08, 0, 0.912616, 0, 7.97834e-08, 0, -0.912616, 0, 0.055464, 0)
script = ExtResource("1_xd36u")
body_mesh = NodePath("Bot01/Bot01/Skeleton3D/Body")
animation_player = NodePath("Bot01/AnimationPlayer")
animation_tree = NodePath("Bot01/AnimationTree")
bone_attachements = [NodePath("Bot01/Bot01/RightHand"), NodePath("Bot01/Bot01/LeftHand"), NodePath("Bot01/Bot01/Head")]
accent_color = Color(1, 0, 1, 1)

[node name="CharacterComponentConnector" type="Node" parent="."]
script = ExtResource("2_h8o7h")

[node name="Bot01" parent="." instance=ExtResource("1_d2ihf")]
transform = Transform3D(1.09575, 0, 5.68434e-14, 0, 1.09575, 0, -5.68434e-14, 0, 1.09575, 0, -0.0607747, 0)

[node name="Head" type="BoneAttachment3D" parent="Bot01/Bot01" index="0"]
transform = Transform3D(0.9999, 0.000159236, 0.0141629, -0.00212966, 0.990259, 0.139219, -0.0140027, -0.139235, 0.99016, -0.0100119, 1.75285, -0.0332971)
bone_name = "spine.006"
bone_idx = 6
use_external_skeleton = true
external_skeleton = NodePath("../Skeleton3D")

[node name="RightHand" type="BoneAttachment3D" parent="Bot01/Bot01" index="1"]
transform = Transform3D(-0.831617, 0.475709, -0.286556, -0.0687281, 0.423867, 0.903113, 0.551081, 0.770738, -0.3198, -0.239115, 1.43457, 0.248679)
bone_name = "hand.R.001"
bone_idx = 18
use_external_skeleton = true
external_skeleton = NodePath("../Skeleton3D")

[node name="LeftHand" type="BoneAttachment3D" parent="Bot01/Bot01" index="2"]
transform = Transform3D(0.176377, -0.693414, 0.698619, 0.938276, 0.332979, 0.0936153, -0.297539, 0.638986, 0.709343, -0.00800085, 1.40312, 0.519488)
bone_name = "hand.L.001"
bone_idx = 11
use_external_skeleton = true
external_skeleton = NodePath("../Skeleton3D")

[node name="Skeleton3D" parent="Bot01/Bot01" index="3"]
bones/0/position = Vector3(-9.89737e-10, 0.967152, -0.0552)
bones/0/rotation = Quaternion(0.124684, -0.132985, 0.0168662, 0.983099)
bones/2/scale = Vector3(1, 1, 1)
bones/3/rotation = Quaternion(-0.0126376, 1.192e-07, -1.50652e-09, 0.99992)
bones/4/rotation = Quaternion(-0.0212594, 0.140634, 0.00999346, 0.989783)
bones/5/rotation = Quaternion(-0.00960915, 1.2804e-07, 2.22479e-09, 0.999954)
bones/6/rotation = Quaternion(-0.0103561, 4.28619e-17, -4.07007e-16, 0.999946)
bones/7/rotation = Quaternion(-0.497826, -0.454255, -0.428508, 0.601834)
bones/7/scale = Vector3(1, 1, 1)
bones/8/rotation = Quaternion(-0.274025, 0.520488, -0.580124, 0.563434)
bones/9/rotation = Quaternion(0.319028, -0.517923, -0.623881, 0.490663)
bones/9/scale = Vector3(1, 1, 1)
bones/10/rotation = Quaternion(-0.0316019, -0.0228432, 0.00127268, 0.999239)
bones/11/rotation = Quaternion(-0.0429756, -0.00389134, -0.114312, 0.992507)
bones/12/scale = Vector3(1, 1, 1)
bones/14/rotation = Quaternion(-0.562648, 0.39189, 0.417004, 0.596621)
bones/14/scale = Vector3(1, 1, 1)
bones/15/rotation = Quaternion(-0.184319, -0.778966, 0.420444, 0.427159)
bones/16/rotation = Quaternion(0.813451, 0.101352, 0.303746, 0.485554)
bones/16/scale = Vector3(1, 1, 1)
bones/17/rotation = Quaternion(0.192849, 0.0475221, 0.011716, 0.980007)
bones/18/rotation = Quaternion(-0.0429756, 0.00389132, 0.114312, 0.992507)
bones/19/rotation = Quaternion(0.28209, -0.00380144, 0.0861259, 0.955507)
bones/19/scale = Vector3(1, 1, 1)
bones/20/rotation = Quaternion(-0.0753675, -7.82306e-09, 0.0158437, 0.99703)
bones/20/scale = Vector3(1, 1, 1)
bones/21/rotation = Quaternion(-1.01016e-07, 0.686636, 0.727002, 5.18396e-08)
bones/22/rotation = Quaternion(-1.01016e-07, 0.686636, 0.727002, 5.18396e-08)
bones/23/rotation = Quaternion(-0.152455, -0.793331, -0.285504, 0.515627)
bones/24/rotation = Quaternion(-0.152455, 0.793331, 0.285504, 0.515627)
bones/25/rotation = Quaternion(0.924573, 0.0327867, -0.222651, 0.307436)
bones/25/scale = Vector3(1, 1, 1)
bones/26/rotation = Quaternion(0.24466, 0.00655832, 0.00755252, 0.969557)
bones/28/scale = Vector3(1, 1, 1)
bones/29/scale = Vector3(1, 1, 1)
bones/30/rotation = Quaternion(0.996026, -0.00552532, 0.0739583, 0.0493116)
bones/30/scale = Vector3(1, 1, 1)
bones/31/rotation = Quaternion(0.156029, 0.00776314, -0.00757009, 0.987693)
bones/32/rotation = Quaternion(-0.571999, -0.00503182, -0.0118647, 0.820153)
bones/33/rotation = Quaternion(0.0107451, 0.923955, -0.382351, -0.000484449)
bones/33/scale = Vector3(1, 1, 1)
bones/34/scale = Vector3(1, 1, 1)

[node name="Body" parent="Bot01/Bot01/Skeleton3D" index="0"]
layers = 2
gi_mode = 2
surface_material_override/3 = SubResource("StandardMaterial3D_kcqe5")

[node name="AnimationPlayer" parent="Bot01" index="1"]
deterministic = true
playback_default_blend_time = 0.01

[node name="AnimationTree" type="AnimationTree" parent="Bot01"]
tree_root = SubResource("AnimationNodeBlendTree_8vt2n")
advance_expression_base_node = NodePath("")
anim_player = NodePath("../AnimationPlayer")
parameters/AimSeek/seek_request = -1.0
parameters/DeathTransition/current_state = "alive"
parameters/DeathTransition/transition_request = ""
parameters/DeathTransition/current_index = 0
parameters/JumpOneShot/active = false
parameters/JumpOneShot/internal_active = false
parameters/JumpOneShot/request = 0
parameters/JumpStateMachine/conditions/land = false
parameters/LocomotionBlend/blend_amount = 1.0
parameters/LocomotionBlendSpace/blend_position = Vector2(0, 0)
parameters/LocomotionTimeScale/scale = 1.0
parameters/NoHeadBlend/blend_amount = 0.0
parameters/Shoot/active = false
parameters/Shoot/internal_active = false
parameters/Shoot/request = 0
parameters/TimeScale/scale = 0.0

[editable path="Bot01"]
